@book{latexcompanion,
    author    = "Anis Koubaa",
    title     = "Robot Operating System : the complete reference (volume 1 and 2)",
    year      = "2016",
    publisher = "Springer"
}

@misc{kaya,
	title = "Kaya",
	author = "nvidia",
	howpublished = "\url{https://docs.nvidia.com/isaac/isaac/apps/tutorials/doc/assemble_kaya.html}"
}



@misc{jetbot,
	title = "Jetbot : an educational robot.",
	author = "nvidia",
	howpublished = "\url{https://github.com/NVIDIA-AI-IOT/jetbot/wiki}"
}

@misc{ghost,
	title = "Ghost II : controlling an RC car with a computer.",
	author = "Steven Daniluk",
	howpublished = "\url{https://medium.com/hackernoon/ghost-ii-controlling-an-rc-car-with-a-computer-b1d1849d9e43}"
}

@misc{rasp,
	title = "Raspberry Pi Smart Robot.",
	author = "SunFounder",
	howpublished = "\url{https://www.sunfounder.com/picar-s-kit.html}"
}